@article{elman1993learning,
  title={Learning and development in neural networks: The importance of starting small},
  author={Elman, Jeffrey L},
  journal={Cognition},
  volume={48},
  number={1},
  pages={71--99},
  year={1993},
  publisher={Elsevier}
}

@article{florensa2017reverse,
  title={Reverse curriculum generation for reinforcement learning},
  author={Florensa, Carlos and Held, David and Wulfmeier, Markus and Zhang, Michael and Abbeel, Pieter},
  journal={arXiv preprint arXiv:1707.05300},
  year={2017}
}